<record><leader>00000cas a22000007a 4500</leader><controlfield tag="001">14634525</controlfield><controlfield tag="008">861104d18571859pauwr ne      0    0eng d</controlfield><datafield ind1=" " ind2=" " tag="010"><subfield code="a">sn 86053878 </subfield></datafield><datafield ind1=" " ind2=" " tag="040"><subfield code="a">NPX</subfield><subfield code="b">eng</subfield><subfield code="c">NPX</subfield><subfield code="d">OCLCQ</subfield><subfield code="d">UKMGB</subfield><subfield code="d">OCLCQ</subfield></datafield><datafield ind1="7" ind2=" " tag="016"><subfield code="a">013914437</subfield><subfield code="2">Uk</subfield></datafield><datafield ind1=" " ind2=" " tag="042"><subfield code="a">msc</subfield></datafield><datafield ind1="0" ind2="0" tag="245"><subfield code="a">Pottsville Democratic standard.</subfield></datafield><datafield ind1="3" ind2="0" tag="246"><subfield code="a">Democratic Pottsville standard</subfield></datafield><datafield ind1="3" ind2="0" tag="246"><subfield code="a">Pottsville standard</subfield></datafield><datafield ind1="1" ind2="3" tag="246"><subfield code="a">Democratic standard</subfield></datafield><datafield ind1=" " ind2=" " tag="260"><subfield code="a">Pottsville, Pa. :</subfield><subfield code="b">Henry L. Acker,</subfield><subfield code="c">-1859.</subfield></datafield><datafield ind1=" " ind2=" " tag="300"><subfield code="a">v.</subfield></datafield><datafield ind1=" " ind2=" " tag="310"><subfield code="a">Weekly</subfield></datafield><datafield ind1="0" ind2=" " tag="362"><subfield code="a">-v. 2, no. 52 (July 30, 1859).</subfield></datafield><datafield ind1="1" ind2=" " tag="362"><subfield code="a">Began with Aug. 9, 1857 issue.</subfield><subfield code="z">Cf. Hist. of Schuylkill Co., Pa., 1881.</subfield></datafield><datafield ind1=" " ind2=" " tag="500"><subfield code="a">"Democratic" appears above title ornament in small letters, &lt;1858&gt;-1859.</subfield></datafield><datafield ind1=" " ind2=" " tag="500"><subfield code="a">Publishers: Henry L. Acker, &lt;1858&gt;; Henry L. Acker &amp; S. Clifton Rossiter, 1859; Henry L. Acker, 1859.</subfield></datafield><datafield ind1=" " ind2=" " tag="500"><subfield code="a">"Democratic."</subfield></datafield><datafield ind1=" " ind2=" " tag="500"><subfield code="a">Editors: Henry L. Acker, &lt;1858&gt;-1859; S. Clifton Rossiter, 1859.</subfield></datafield><datafield ind1=" " ind2=" " tag="515"><subfield code="a">No paper issued Jan. 1, 1859.</subfield></datafield><datafield ind1=" " ind2=" " tag="588"><subfield code="a">Description based on: Vol. 1, no. 44 (June 5, 1858).</subfield></datafield><datafield ind1=" " ind2=" " tag="752"><subfield code="a">United States</subfield><subfield code="b">Pennsylvania</subfield><subfield code="c">Schuylkill</subfield><subfield code="d">Pottsville.</subfield></datafield><datafield ind1="0" ind2="0" tag="785"><subfield code="t">Democratic standard (Pottsville, Pa.)</subfield><subfield code="w">(DLC)sn 86053879</subfield></datafield></record>